<?xml version="1.0" encoding="UTF-8"?><collection xmlns="http://www.loc.gov/MARC21/slim"><record><leader>00479nam--2200169-i-4500</leader><controlfield tag="001">000047634</controlfield><controlfield tag="002">20161230</controlfield><controlfield tag="005">20170126002725</controlfield><controlfield tag="008">060222s1000------------r-----000-0-eng-d</controlfield><datafield ind1=" " ind2=" " tag="080"><subfield code="a">621.039:061.6(100)</subfield></datafield><datafield ind1=" " ind2=" " tag="245"><subfield code="a">World nuclear directory. A quide to organizations and research activities in atomic energy</subfield></datafield><datafield ind1=" " ind2=" " tag="250"><subfield code="a">Sixth edition</subfield></datafield><datafield ind1=" " ind2=" " tag="260"><subfield code="a">Longman</subfield><subfield code="b">Francis Hodgson</subfield><subfield code="c">1981</subfield></datafield><datafield ind1=" " ind2=" " tag="300"><subfield code="a">975 p</subfield></datafield><datafield ind1=" " ind2=" " tag="700"><subfield code="a">Wilson, C. W</subfield></datafield><datafield ind1=" " ind2=" " tag="852"><subfield code="a">70161</subfield></datafield><datafield ind1=" " ind2=" " tag="CAT"><subfield code="a">SYS</subfield><subfield code="c">20170126</subfield><subfield code="h">002725</subfield></datafield></record></collection>